<collection xmlns="http://www.loc.gov/MARC21/slim">
<record>
  <leader>01755nam0a22003251i 450 </leader>
  <controlfield tag="001">IT\ICCU\CNCE\078601</controlfield>
  <controlfield tag="005">20140618000000.0</controlfield>
  <datafield tag="012" ind1=" " ind2=" ">
    <subfield code="a">n-en o-e- o.o- aMri (3) 1559 (A)</subfield>
    <subfield code="2">fei</subfield>
  </datafield>
  <datafield tag="100" ind1=" " ind2=" ">
    <subfield code="a">20140618d1559        0itac0103    ba</subfield>
  </datafield>
  <datafield tag="101" ind1=" " ind2=" ">
    <subfield code="a">ITA</subfield>
  </datafield>
  <datafield tag="102" ind1=" " ind2=" ">
    <subfield code="a">FR</subfield>
  </datafield>
  <datafield tag="200" ind1="1" ind2=" ">
    <subfield code="a">Discorso sopra la castrametatione, et disciplina militare de romani, composto per il s. Guglielmo Choul, gentilhomo lionese, consigliero del re, et presidente delle montagne del delfinato, con i Bagni, &amp; essercitij antichi de greci, &amp; romani, et tradottoin lingua toscana per m. Gabriel Symeoni</subfield>
  </datafield>
  <datafield tag="210" ind1=" " ind2=" ">
    <subfield code="a">In Lione</subfield>
    <subfield code="c">Appresso Gugl. Rouillio</subfield>
    <subfield code="d">1559</subfield>
  </datafield>
  <datafield tag="215" ind1=" " ind2=" ">
    <subfield code="a">\8!, 102, 38, \8! p.</subfield>
    <subfield code="d">\1! c. di tav. ripieg.</subfield>
    <subfield code="c">ill.</subfield>
    <subfield code="d">fol</subfield>
  </datafield>
  <datafield tag="620" ind1=" " ind2=" ">
    <subfield code="a">FR</subfield>
    <subfield code="d">Lione</subfield>
  </datafield>
  <datafield tag="700" ind1=" " ind2="1">
    <subfield code="a">Du_Choul,</subfield>
    <subfield code="b">Guillaume</subfield>
    <subfield code="3">IT\ICCU\CNCA\004947</subfield>
  </datafield>
  <datafield tag="702" ind1=" " ind2="1">
    <subfield code="a">Simeoni,</subfield>
    <subfield code="b">Gabriele</subfield>
    <subfield code="3">IT\ICCU\CNCA\004519</subfield>
  </datafield>
  <datafield tag="712" ind1="0" ind2="0">
    <subfield code="a">Rouill,̌ Guillaume</subfield>
    <subfield code="3">IT\ICCU\CNCT\000407</subfield>
    <subfield code="4">650</subfield>
  </datafield>
  <datafield tag="790" ind1=" " ind2="1">
    <subfield code="a">Choul,</subfield>
    <subfield code="b">Guglielmo</subfield>
    <subfield code="3">IT\ICCU\CNCA\011446</subfield>
    <subfield code="z">Du_Choul, Guillaume</subfield>
  </datafield>
  <datafield tag="790" ind1=" " ind2="1">
    <subfield code="a">Choul,</subfield>
    <subfield code="b">Guillaume</subfield>
    <subfield code="3">IT\ICCU\CNCA\018445</subfield>
    <subfield code="z">Du_Choul, Guillaume</subfield>
  </datafield>
  <datafield tag="790" ind1=" " ind2="1">
    <subfield code="a">Symeoni,</subfield>
    <subfield code="b">Gabriello</subfield>
    <subfield code="3">IT\ICCU\CNCA\018601</subfield>
    <subfield code="z">Simeoni, Gabriele</subfield>
  </datafield>
  <datafield tag="791" ind1="0" ind2="0">
    <subfield code="a">Roviglio, Guglielmo</subfield>
    <subfield code="3">IT\ICCU\CNCT\003146</subfield>
    <subfield code="z">Rouill,̌ Guillaume</subfield>
  </datafield>
  <datafield tag="791" ind1="0" ind2="0">
    <subfield code="a">Rovillio, Guglielmo</subfield>
    <subfield code="3">IT\ICCU\CNCT\005411</subfield>
    <subfield code="z">Rouill,̌ Guillaume</subfield>
  </datafield>
  <datafield tag="791" ind1="0" ind2="0">
    <subfield code="a">Rovillius, Gulielmus</subfield>
    <subfield code="3">IT\ICCU\CNCT\005412</subfield>
    <subfield code="z">Rouill,̌ Guillaume</subfield>
  </datafield>
  <datafield tag="801" ind1=" " ind2="3">
    <subfield code="a">IT</subfield>
    <subfield code="b">ICCU</subfield>
    <subfield code="c">20201115</subfield>
  </datafield>
  <datafield tag="899" ind1=" " ind2=" ">
    <subfield code="a">Biblioteca estera - sterreichische Nationalbibliothek. Wien</subfield>
    <subfield code="1">AA0010</subfield>
  </datafield>
  <datafield tag="899" ind1=" " ind2=" ">
    <subfield code="a">Biblioteca civica. Belluno</subfield>
    <subfield code="1">BL0006</subfield>
    <subfield code="2">VIA CB</subfield>
  </datafield>
  <datafield tag="899" ind1=" " ind2=" ">
    <subfield code="a">Biblioteca provinciale. Brindisi</subfield>
    <subfield code="1">BR0003</subfield>
    <subfield code="2">BRI 01</subfield>
  </datafield>
  <datafield tag="899" ind1=" " ind2=" ">
    <subfield code="a">Biblioteca comunale Giosu ̈Carducci. Spoleto</subfield>
    <subfield code="1">PG0168</subfield>
    <subfield code="2">UM1 08</subfield>
  </datafield>
  <datafield tag="899" ind1=" " ind2=" ">
    <subfield code="a">Biblioteca dell&apos;Istituto veneto di scienze, lettere ed arti. Venezia</subfield>
    <subfield code="1">VE0237</subfield>
    <subfield code="2">VEA IV</subfield>
  </datafield>
</record>
</collection>
